@inbook{Borceux_1994, 
        place={Cambridge}, 
        series={Encyclopedia of Mathematics and its Applications}, 
        title={Enriched category theory}, 
        booktitle={Handbook of Categorical Algebra}, 
        publisher={Cambridge University Press}, 
        author={Borceux, Francis}, year={1994}, 
        pages={291â€“348}, 
        collection={Encyclopedia of Mathematics and its Applications}
}

@article{Kelly2022BASICCO,
  title={BASIC CONCEPTS OF ENRICHED CATEGORY THEORY},
  author={G. M. Kelly and Toby Bartels and William Boshuck and Maria Manuel Clementino and Robert Dawson and Stephen Lack and Tom Leinster and Francisco Marmolejo and Shane O 'conchuir and Craig A. Pastro and Mark Weber and Ralph L. Wojtowicz and G. Max and Kelly Sydney},
  journal={Elements of {$\infty$}-Category Theory},
  year={2022},
  url={https://api.semanticscholar.org/CorpusID:16424720}
}